@Article{Einstein1919,
  author           = {A. Einstein},
  title            = {Prüfung der allgemeinen Relativitätstheorie},
  year             = {1919},
  issn             = {0028-1042},
  pages            = {776-776},
  volume           = {7},
  creationdate     = {2022-01-22T16:35:24},
  doi              = {10.1007/bf01489445},
  modificationdate = {2022-01-22T16:35:41},
}

@Article{Weinmann2014,
  author           = {M. Weinmann and B. Jutzi and C. Mallet},
  journal          = {{ISPRS} Annals of the Photogrammetry, Remote Sensing and Spatial Information Sciences},
  title            = {Semantic 3D scene interpretation: A framework combining optimal neighborhood size selection with relevant features},
  year             = {2014},
  issn             = {2194-9050},
  month            = {aug},
  pages            = {181-188},
  volume           = {II-3},
  creationdate     = {2022-01-22T16:36:51},
  doi              = {10.5194/isprsannals-ii-3-181-2014},
  modificationdate = {2022-01-23T12:03:43},
  publisher        = {Copernicus {GmbH}},
}

@Comment{jabref-meta: databaseType:bibtex;}
